<?xml version="1.0" encoding="UTF-8"?><collection xmlns="http://www.loc.gov/MARC21/slim"><record><leader>00509nam--2200193-i-4500</leader><controlfield tag="001">000004698</controlfield><controlfield tag="002">20161230</controlfield><controlfield tag="005">20161230201026</controlfield><controlfield tag="008">060222s1000------------r-----000-0-fre-d</controlfield><datafield ind1=" " ind2=" " tag="040"><subfield code="a">IFIN-HH</subfield></datafield><datafield ind1=" " ind2=" " tag="041"><subfield code="a">fre</subfield></datafield><datafield ind1=" " ind2=" " tag="080"><subfield code="a">534.321.9</subfield></datafield><datafield ind1="1" ind2=" " tag="100"><subfield code="a">Biquard,Pierre</subfield></datafield><datafield ind1="1" ind2="0" tag="245"><subfield code="a">Les ultrasons</subfield><subfield code="c">Pierre biquard</subfield></datafield><datafield ind1=" " ind2=" " tag="260"><subfield code="a">Paris, Presses Universitaires De France, 1958</subfield></datafield><datafield ind1=" " ind2=" " tag="300"><subfield code="a">126P</subfield></datafield><datafield ind1=" " ind2=" " tag="490"><subfield code="a">Que Sais-je? Le Point Des Connaissances Actuelles</subfield></datafield><datafield ind1=" " ind2=" " tag="852"><subfield code="a">6410</subfield><subfield code="c">534</subfield></datafield><datafield ind1=" " ind2=" " tag="CAT"><subfield code="a">Sys</subfield><subfield code="c">20101006</subfield><subfield code="h">090806</subfield></datafield></record></collection>